<record><leader>00000cas a2200000 a 4500</leader><controlfield tag="001">10620892</controlfield><controlfield tag="008">840412c18839999miucr n       0   a0eng c</controlfield><controlfield tag="009">467</controlfield><datafield ind1=" " ind2=" " tag="010"><subfield code="a">sn 84009779 </subfield></datafield><datafield ind1=" " ind2=" " tag="040"><subfield code="a">NSD</subfield><subfield code="b">eng</subfield><subfield code="c">NSD</subfield><subfield code="d">MHN</subfield><subfield code="d">OCL</subfield><subfield code="d">OCLCQ</subfield><subfield code="d">MHN</subfield><subfield code="d">CUS</subfield><subfield code="d">OCLCQ</subfield><subfield code="d">OCLCF</subfield></datafield><datafield ind1=" " ind2=" " tag="012"><subfield code="k">1</subfield><subfield code="l">y</subfield><subfield code="m">y</subfield></datafield><datafield ind1="1" ind2=" " tag="022"><subfield code="a">0747-1718</subfield><subfield code="l">0747-1718</subfield><subfield code="y">0747-1742</subfield><subfield code="2">1</subfield></datafield><datafield ind1="1" ind2=" " tag="029"><subfield code="a">AU@</subfield><subfield code="b">000020333145</subfield></datafield><datafield ind1=" " ind2=" " tag="032"><subfield code="a">202820</subfield><subfield code="b">USPS</subfield></datafield><datafield ind1=" " ind2=" " tag="037"><subfield code="b">Flint Area Newspapers, Inc., 235 N. Leroy, Fenton, MI 48430</subfield></datafield><datafield ind1=" " ind2=" " tag="042"><subfield code="a">nsdp</subfield><subfield code="a">pcc</subfield></datafield><datafield ind1=" " ind2="4" tag="222"><subfield code="a">The Flushing observer</subfield></datafield><datafield ind1="0" ind2="4" tag="245"><subfield code="a">The Flushing observer.</subfield></datafield><datafield ind1=" " ind2=" " tag="260"><subfield code="a">Flushing, Genesee Co., Mich. :</subfield><subfield code="b">A.E. Ransom</subfield></datafield><datafield ind1=" " ind2=" " tag="310"><subfield code="a">Semiweekly,</subfield><subfield code="b">Feb. 25, 1985-</subfield></datafield><datafield ind1=" " ind2=" " tag="321"><subfield code="a">Weekly,</subfield><subfield code="b">June 14, 1883-Feb. 20, 1985</subfield></datafield><datafield ind1="0" ind2=" " tag="362"><subfield code="a">Vol. 2, new series no. 1 (June 14, 1883)-</subfield></datafield><datafield ind1=" " ind2=" " tag="500"><subfield code="a">Issue called: Centennial ed., July 4, 1935.</subfield></datafield><datafield ind1=" " ind2=" " tag="500"><subfield code="a">Issue called: Flushing's 125th Anniversary picture ed., Aug. 4, 1960.</subfield></datafield><datafield ind1=" " ind2="0" tag="651"><subfield code="a">Flushing (Mich.)</subfield><subfield code="v">Newspapers.</subfield></datafield><datafield ind1=" " ind2="0" tag="651"><subfield code="a">Genesee County (Mich.)</subfield><subfield code="v">Newspapers.</subfield></datafield><datafield ind1=" " ind2="7" tag="655"><subfield code="a">Newspapers.</subfield><subfield code="2">fast</subfield><subfield code="0">(OCoLC)fst01423814</subfield></datafield><datafield ind1=" " ind2="7" tag="651"><subfield code="a">Michigan</subfield><subfield code="z">Flushing.</subfield><subfield code="2">fast</subfield><subfield code="0">(OCoLC)fst01232805</subfield></datafield><datafield ind1=" " ind2="7" tag="651"><subfield code="a">Michigan</subfield><subfield code="z">Genesee County.</subfield><subfield code="2">fast</subfield><subfield code="0">(OCoLC)fst01214779</subfield></datafield><datafield ind1=" " ind2=" " tag="752"><subfield code="a">United States.</subfield><subfield code="b">Michigan</subfield><subfield code="c">Genesee</subfield><subfield code="d">Fenton.</subfield></datafield><datafield ind1="0" ind2="8" tag="776"><subfield code="i">Online version:</subfield><subfield code="t">Flushing observer (Online)</subfield><subfield code="w">(OCoLC)67617975</subfield></datafield><datafield ind1="0" ind2="0" tag="780"><subfield code="t">Observer (Flushing, Mich.)</subfield><subfield code="w">(DLC)sn 96076922</subfield><subfield code="w">(OCoLC)35195188</subfield></datafield><datafield ind1=" " ind2=" " tag="936"><subfield code="a">Feb. 25, 1985</subfield></datafield></record>